%% Created using Papers on Sun, 01 Jun 2014.
%% http://papersapp.com/papers/

@article{Fu_Ku,
author = {Fu, Minfan and Zhang, Tong and Ma, Chengbin and Zhu, Xinen},
title = {Efficiency and Optimal Loads Analysis for Multiple-Receiver Wireless Power Transfer Systems},
journal = {IEEE Transactions on Microwave Theory and Techniques},
year={2015}, 
month={Mar}, 
volume = {63},
number = {3},
pages = {801--812}}

@article{mongiardo:submitted,
author = {Dionigi, M and Mongiardo, M and Perfetti, R},
title = {{Rigorous Full-wave Electromagnetic Modeling of
Wireless Power Transfer Links}},
journal = { Microwave Theory and Techniques, IEEE Transactions on},
year = {2015},
volume = {63},
number = {1},
pages = {67--75}
}


@article{Suzuki:2012th,
author = {Suzuki, Yoshiki and Sugiura, Takamitsu and Sakai, Naoki and Hanazawa, Masahiro and Ohira, Takashi},
title = {{Dielectric coupling from electrified roadway to steel-belt tires characterized for miniature model car running demonstration}},
year = {2012},
pages = {35--38}
}

@article{Hanazawa:2012tj,
author = {Hanazawa, Masahiro and Sakai, Naoki and Ohira, Takashi},
title = {{SUPRA: Supply underground power to running automobiles: Electric Vehicle on Electrified Roadway exploiting RF displacement current through a pair of spinning tires}},
year = {2012},
pages = {1--4}
}

@article{Hanazawa:2011dk,
author = {Hanazawa, M and Ohira, T},
title = {{Power transfer for a running automobile}},
journal = {Microwave Workshop Series on Innovative Wireless Power Transmission: Technologies, Systems, and Applications (IMWS), 2011 IEEE MTT-S International},
year = {2011},
pages = {77--80}
}

@inproceedings{Sodagar:2009bf,
author = {Sodagar, A M and Amiri, P},
title = {{Capacitive coupling for power and data telemetry to implantable biomedical microsystems}},
booktitle = {Neural Engineering, 2009. NER '09. 4th International IEEE/EMBS Conference on},
year = {2009},
pages = {411--414}
}

@article{Duong:kk,
author = {Duong, Thuc Phi and Lee, Jong-Wook},
title = {{Experimental Results of High-Efficiency Resonant Coupling Wireless Power Transfer Using a Variable Coupling Method}},
journal = {IEEE Microwave and Wireless Components Letters},
volume = {21},
number = {8},
pages = {442--444}
}



%% Created using Papers on Mon, 26 May 2014.
%% http://papersapp.com/papers/

@article{Baudrand:1970uj,
author = {Baudrand, H},
title = {{On the generalizations of the maximum power transfer theorem}},
journal = {Proceedings of the IEEE},
year = {1970},
volume = {58},
number = {10},
pages = {1780--1781}
}

@article{Belevitch:1956vv,
author = {Belevitch, Vitold},
title = {{Elementary applications of the scattering formalism in network design}},
journal = {Circuit Theory, IRE Transactions on},
year = {1956},
volume = {3},
number = {2},
pages = {97--104}
}

@article{Bird:2009uc,
author = {Bird, Trevor S and Rypkema, Nicholas and Smart, Ken W},
title = {{Antenna impedance matching for maximum power transfer in wireless sensor networks}},
year = {2009},
pages = {916--919}
}

@article{Carlin:1956fn,
author = {Carlin, H J},
title = {{The Scattering Matrix in Network Theory}},
journal = {Circuit Theory, IRE Transactions on},
year = {1956},
volume = {3},
number = {2},
pages = {88--97}
}

@inproceedings{Carlstein:1967hy,
author = {Carlstein, J},
title = {{A physical representation for scattering matrices employing complex normalization}},
booktitle = {Proceedings of the IEEE},
year = {1967},
pages = {553--554}
}

@book{Collin:2001tn,
author = {Collin, Robert E},
title = {{Foundations for Microwave Engineering}},
publisher = {Wiley-IEEE Press},
year = {2001},
}

@article{Desoer:1973cs,
author = {Desoer, C},
title = {{The maximum power transfer theorem for n-ports}},
journal = {Circuit Theory, IEEE Transactions on},
year = {1973},
volume = {20},
number = {3},
pages = {328--330}
}

@article{DuttaRoy:jd,
author = {Dutta Roy, Suhash C},
title = {{Some Little-Known Facts About Transmission Lines and Some New Results}},
journal = {IEEE Transactions on Education},
volume = {53},
number = {4},
pages = {556--561}
}

@article{Frickey:1994tx,
author = {Frickey, Dean A},
title = {{Conversions between S, Z, Y, H, ABCD, and T parameters which are valid for complex source and load impedances}},
journal = {Microwave Theory and Techniques, IEEE Transactions on},
year = {1994},
volume = {42},
number = {2},
pages = {205--211}
}

@article{Dehoop:1975tl,
author = {De hoop, A T},
title = {{The JV-port receiving antenna and its equivalent electrical network}},
journal = {Philips Res. Repts},
year = {1975},
volume = {30},
pages = {302--315}
}

@article{Inagaki:2014is,
author = {Inagaki, N},
title = {{Theory of Image Impedance Matching for Inductively Coupled Power Transfer Systems}},
journal = {Microwave Theory and Techniques, IEEE Transactions on},
year = {2014},
volume = {62},
number = {4},
pages = {901--908}
}

@article{Inagaki:2011ed,
author = {Inagaki, N and Hori, S},
title = {{Classification and characterization of wireless power transfer systems of resonance method based on equivalent circuit derived from even- and odd mode reactance functions}},
journal = {Microwave Workshop Series on Innovative Wireless Power Transmission: Technologies, Systems, and Applications (IMWS), 2011 IEEE MTT-S International},
year = {2011},
pages = {115--118}
}

@article{Inagaki:2012tc,
author = {Inagaki, Naoki and Tabata, Takanobu and Hori, Satoshi},
title = {{Wireless Reactive Networks- A Paradigm for Near Field Coupled Antenna Systems -}},
year = {2012},
pages = {463--466}
}

@article{Inagaki:2012tca,
author = {Inagaki, Naoki and Tabata, Takanobu and Hori, Satoshi},
title = {{Wireless reactive networks---A paradigm for near field coupled antenna systems}},
year = {2012},
pages = {463--466}
}

@article{Inagaki:2011ws,
author = {Inagaki, Naoki and Hori, Satoshi},
title = {{Fundamentals of wireless connections with near Field coupled Antennas}},
year = {2011},
pages = {1--8},
month = feb
}

@article{Kretzschmar:1969ui,
author = {Kretzschmar, J and Schoonaert, D},
title = {{Smith chart for lossy transmission lines}},
journal = {Proceedings of the IEEE},
year = {1969},
volume = {57},
number = {9},
pages = {1658--1660}
}

@article{Kurokawa:1965ki,
author = {Kurokawa, K},
title = {{Power Waves and the Scattering Matrix}},
journal = {Microwave Theory and Techniques, IEEE Transactions on},
year = {1965},
volume = {13},
number = {2},
pages = {194--202}
}

@inproceedings{Llewellyn:1952jp,
author = {Llewellyn, F B},
title = {{Some Fundamental Properties of Transmission Systems}},
booktitle = {Proceedings of the IRE},
year = {1952},
pages = {271--283}
}

@article{LlorenteRomano:2013bd,
author = {Llorente-Romano, S and Garca-Lamperez, A and Sarkar, T K and Salazar-Palma, M},
title = {{An Exposition on the Choice of the Proper S Parameters in Characterizing Devices Including Transmission Lines with Complex Reference Impedances and a General Methodology for Computing Them}},
journal = {Antennas and Propagation Magazine, IEEE},
year = {2013},
volume = {55},
number = {4},
pages = {94--112}
}

@article{Marcuvitz:1948vy,
author = {Marcuvitz, Nathan},
title = {{On the representation and measurement of waveguide discontinuities}},
journal = {Proceedings of the IRE},
year = {1948},
volume = {36},
number = {6},
pages = {728--735}
}

@article{Marks:1992vo,
author = {Marks, Roger B and Williams, Dylan F},
title = {{A general waveguide circuit theory}},
journal = {JOURNAL OF RESEARCH-NATIONAL INSTITUTE OF STANDARDS AND TECHNOLOGY},
year = {1992},
volume = {97},
pages = {533--533}
}

@article{Matthews:1955jz,
author = {Matthews, E W},
title = {{The Use of Scattering Matrices in Microwave Circuits}},
journal = {Microwave Theory and Techniques, IRE Transactions on},
year = {1955},
volume = {3},
number = {3},
pages = {21--26}
}

@article{McLaughlin:de,
author = {McLaughlin, James C and Kaiser, Kenneth L},
title = {{Deglorifying the Maximum Power Transfer Theorem and Factors in Impedance Selection}},
journal = {IEEE Transactions on Education},
volume = {50},
number = {3},
pages = {251--255}
}

@article{Morini:2001fl,
author = {Morini, A and Rozzi, T},
title = {{On the definition of the generalized scattering matrix of a lossless multiport}},
journal = {Microwave Theory and Techniques, IEEE Transactions on},
year = {2001},
volume = {49},
number = {1},
pages = {160--165}
}

@article{Morini:1997cp,
author = {Morini, A and Rozzi, T},
title = {{On the generalized scattering matrix of a lossless multiport}},
journal = {Microwave Symposium Digest, 1997., IEEE MTT-S International},
year = {1997},
volume = {3},
pages = {1607--1610}
}

@article{Penfield:1960bu,
author = {Penfield, Paul},
title = {{Noise in Negative-Resistance Amplifiers}},
journal = {Circuit Theory, IRE Transactions on},
year = {1960},
volume = {7},
number = {2},
pages = {166--170}
}

@book{Pozar:2001tk,
author = {Pozar, David M},
title = {{Microwave and RF Wireless Systems}},
publisher = {John Wiley {\&} Sons Incorporated},
year = {2001}
}

@article{Rahola:hp,
author = {Rahola, J},
title = {{Power Waves and Conjugate Matching}},
journal = {IEEE Transactions on Circuits and Systems II: Express Briefs},
volume = {55},
number = {1},
pages = {92--96}
}

@inproceedings{Rahola:2013tb,
author = {Rahola, J},
title = {{Simultaneous multiport matching circuit optimization for multiantenna systems}},
booktitle = {Antennas and Propagation (EuCAP), 2013 7th European Conference on},
year = {2013},
pages = {2778--2781}
}

@inproceedings{Rahola:2007tk,
author = {Rahola, J and Ollikainen, J},
title = {{Analysis of Isolation of Two-Port Antenna Systems using Simultaneousmatching}},
booktitle = {Antennas and Propagation, 2007. EuCAP 2007. The Second European Conference on},
year = {2007},
pages = {1--5}
}


@inproceedings{Sarkar:2012jv,
author = {Sarkar, T K and Palma, M S},
title = {{Problems associated with the choice of the proper S-parameters in characterizing antennas and how to rectify it}},
booktitle = {Wireless Information Technology and Systems (ICWITS), 2012 IEEE International Conference on},
year = {2012},
pages = {1--4}
}

@article{Spinei:1972wi,
author = {Spinei, F},
title = {{On generalizations of the maximum power transfer problem}},
journal = {Proceedings of the IEEE},
year = {1972},
volume = {60},
number = {7},
pages = {903--904}
}

@article{Stannard:1967vc,
author = {Stannard, Georege E},
title = {{Calculation of power on a transmission line}},
journal = {Proceedings of the IEEE},
year = {1967},
volume = {55},
number = {1},
pages = {132--132}
}

@article{Vernon:1969vv,
author = {Vernon, R J and Seshadri, S R},
title = {{Reflection coefficient and reflected power on a lossy transmission line}},
journal = {Proceedings of the IEEE},
year = {1969},
volume = {57},
number = {1},
pages = {101--102}
}

@article{Vidyasagar:1974kh,
author = {Vidyasagar, M},
title = {{Maximum power transfer in n ports with passive loads}},
journal = {Circuits and Systems, IEEE Transactions on},
year = {1974},
volume = {21},
number = {3},
pages = {327--330}
}

@article{Williams:bj,
author = {Williams, Dylan},
title = {{Traveling Waves and Power Waves: Building a Solid Foundation for Microwave Circuit Theory}},
journal = {IEEE Microwave Magazine},
volume = {14},
number = {7},
pages = {38--45}
}

@article{Wohlers:1965jm,
author = {Wohlers, M R},
title = {{Complex Normalization of Scattering Matrices and the Problem of Compatible Impedances}},
journal = {Circuit Theory, IEEE Transactions on},
year = {1965},
volume = {12},
number = {4},
pages = {528--535}
}

@article{Woods:1977uw,
author = {Woods, D},
title = {{Multiport-network analysis by matrix renormalisation employing voltage-wave S-parameters with complex normalisation}},
year = {1977},
volume = {124},
number = {3},
pages = {198--204}
}

@article{Woods:1977wv,
author = {Woods, D},
title = {{Multiport network analysis by matrix renormalisation: extension to four ports}},
journal = {Electrical Engineers, Proceedings of the Institution of},
year = {1977},
volume = {124},
number = {9},
pages = {749--753}
}

@inproceedings{Woods:1972da,
author = {Woods, D},
title = {{Concepts of voltage waves, current waves and power waves in s parameter definitions and measurements}},
booktitle = {Electrical Engineers, Proceedings of the Institution of},
year = {1972},
pages = {1764--1765}
}

