%% Created using Papers on Sat, 04 Jun 2016.
%% http://papersapp.com/papers/

@inproceedings{Bosshard:2012jg,
author = {Bosshard, R and x00FC, U Badst and {bner} and Kolar, J W and x0107, I Stevanovi},
title = {{Comparative evaluation of control methods for Inductive Power Transfer}},
booktitle = {Renewable Energy Research and Applications (ICRERA), 2012 International Conference on},
year = {2012},
pages = {1--6},
publisher = {IEEE}
}

@article{Campi:2016hj,
author = {Campi, Tommaso and Cruciani, Silvano and Palandrani, Federica and De Santis, Valerio and Hirata, Akimasa and Feliziani, Mauro},
title = {{Wireless Power Transfer Charging System for AIMDs and Pacemakers}},
journal = {IEEE Transactions on Microwave Theory and Techniques},
year = {2016},
volume = {64},
number = {2},
pages = {633--642}
}



@article{Zhang:jr,
author = {Zhang, Wei and Mi, Chunting},
title = {{Compensation Topologies for High Power Wireless Power Transfer Systems}},
journal = {IEEE Transactions on Vehicular Technology},
pages = {1--1},
 year={2015},
}

@article{Li:hw,
author = {Li, Siqi and Li, Weihan and Deng, Junjun and Nguyen, Trong Duy and Mi, Chunting Chris},
title = {{A Double-Sided LCC Compensation Network and Its Tuning Method for Wireless Power Transfer}},
journal = {IEEE Transactions on Vehicular Technology},
volume = {64},
number = {6},
pages = {2261--2273},
 year={2015},
}

@article{Zhang:kf,
author = {Zhang, Wei and Wong, Siu-Chung and Tse, Chi K and Chen, Qianhong},
title = {{Design for Efficiency Optimization and Voltage Controllability of Series--Series Compensated Inductive Power Transfer Systems}},
journal = {IEEE Transactions on Power Electronics},
volume = {29},
number = {1},
pages = {191--200},
 year={2013},
}

@article{Zhang:cb,
author = {Zhang, Wei and Wong, Siu-Chung and Tse, Chi K and Chen, Qianhong},
title = {{Analysis and Comparison of Secondary Series- and Parallel-Compensated Inductive Power Transfer Systems Operating for Optimal Efficiency and Load-Independent Voltage-Transfer Ratio}},
journal = {IEEE Transactions on Power Electronics},
volume = {29},
number = {6},
pages = {2979--2990},
year = {2013}
}

@article{Yilmaz:jw,
author = {Yilmaz, Murat and Krein, Philip T},
title = {{Review of Battery Charger Topologies, Charging Power Levels, and Infrastructure for Plug-In Electric and Hybrid Vehicles}},
journal = {IEEE Transactions on Power Electronics},
volume = {28},
number = {5},
pages = {2151--2169},
 year={2012},
}

@article{Sallan:dx,
author = {Sallan, J and Villa, J L and Llombart, A and Sanz, J F},
title = {{Optimal Design of ICPT Systems Applied to Electric Vehicle Battery Charge}},
journal = {IEEE Transactions on Industrial Electronics, },
volume = {56},
number = {6},
pages = {2140--2149},
year = {2009}
}

@article{Covic:ge,
author = {Covic, Grant A and Boys, John T and Kissin, Michael L G and Lu, Howard G},
title = {{A Three-Phase Inductive Power Transfer System for Roadway-Powered Vehicles}},
journal = {IEEE Transactions on Industrial Electronics },
volume = {54},
number = {6},
pages = {3370--3378},
year = {2007}
}

@article{XiaohuiQu:ew,
author = {Xiaohui Qu and Wei Zhang and Siu-Chung Wong and Tse, Chi K},
title = {{Design of a Current-Source-Output Inductive Power Transfer LED Lighting System}},
journal = {IEEE Journal of Emerging and Selected Topics in Power Electronics},
volume = {3},
number = {1},
pages = {306--314},
year= {2014}
}

@article{JiaHou:kk,
author = {Jia Hou and Qianhong Chen and Xiaoyong Ren and Xinbo Ruan and Siu-Chung Wong and Tse, Chi K},
title = {{Precise Characteristics Analysis of Series/Series-Parallel Compensated Contactless Resonant Converter}},
journal = {IEEE Journal of Emerging and Selected Topics in Power Electronics},
volume = {3},
number = {1},
pages = {101--110},
year= {2015}
}

@article{Sun:2016cy,
author = {Sun, Longzhao and Tang, Houjun and Zhong, Shuai},
title = {{Load-Independent Output Voltage Analysis of Multiple-Receiver Wireless Power Transfer System}},
journal = {IEEE Antennas and Wireless Propagation Letters},
year = {2016},
volume = {15},
pages = {1238--1241}
}

@inproceedings{Knecht:2014dn,
author = {Knecht, O and Bosshard, R and Kolar, J W and Starck, C T},
title = {{Optimization of Transcutaneous Energy Transfer coils for high power medical applications}},
booktitle = {2014 IEEE 15th Workshop on Control and Modeling for Power Electronics (COMPEL},
year = {2014},
pages = {1--10},
publisher = {IEEE}
}

