%% Created using Papers on Tue, 22 Oct 2013.
%% http://papersapp.com/papers/

% 2014 Mongiardo
@ARTICLE{Mongiardo:2015, 
author={Dionigi, M. and Mongiardo, M. and Perfetti, R.}, 
journal={Microwave Theory and Techniques, IEEE Transactions on}, 
title={Rigorous Network and Full-Wave Electromagnetic Modeling of Wireless Power Transfer Links}, 
year={2015}, 
month={Jan}, 
volume={63}, 
number={1}, 
pages={65-75}, 
keywords={Couplings;Generators;Impedance;Load modeling;Ports (Computers);Resonant frequency;Wireless communication;Conjugate matching;efficiency;network theory;resonant coupling;wireless power transfer}, 
doi={10.1109/TMTT.2014.2376555}, 
ISSN={0018-9480},}

% 2014 Mongiardo
@inproceedings{costanzo2014image,
  title={Image impedances of magnetic resonant wireless power transfer links},
  author={Costanzo, Alessandra and Dionigi, Marco and Mastri, Franco and Mongiardo, Mauro},
  booktitle={International Workshop on Integrated Nonlinear Microwave and Millimetre-wave Circuits (INMMiC)},
  pages={1--3},
  year={2014},
  organization={IEEE}
}
@article{costanzorigorous,
  title={Rigorous network modeling of magnetic-resonant wireless power transfer},
  author={Costanzo, Alessandra and Dionigi, Marco and Mastri, Franco and Mongiardo, Mauro and Russer, Johannes A and Russer, Peter},
  journal={Wireless Power Transfer},
  pages={27--34},
    year={2014},
  publisher={Cambridge Univ. Press}
}


@article{DionigiPavia,
  title={Numerical Electromagnetic Modeling of a Wireless Power Transfer System},
  author={Dionigi, Marco  and Mongiardo, Mauro},
  journal={IEEE International Conference on 
Numerical Electromagnetic Modeling and Optimization 
for RF, microwave, and terahertz applications},
  pages={1--8},
  year={2014},
  month = may,
 organization={IEEE}
}

@article{Bird:2009eo,
author = {Bird, T S and Rypkema, N and Smart, K W},
title = {{Antenna impedance matching for maximum power transfer in wireless sensor networks}},
journal = {IEEE Sensors},
year = {2009},
pages = {916--919}
}

@article{Diversity:PTE,
author = {Lee, K and Cho, D},
title = {{Diversity Analysis of Multiple Transmitters
in Wireless Power Transfer System}},
journal = {IEEE Transactions on Magnetics},
year = {2013},
volume = {49},
number = {6},
pages = {2946--2952}
}


@article{Inagaki:2014is,
author = {Inagaki, N},
title = {{Theory of Image Impedance Matching for Inductively Coupled Power Transfer Systems}},
journal = {IEEE Transactions on Microwave Theory and Techniques},
year = {2014},
volume = {62},
number = {4},
pages = {901--908}
}

@article{DionigiKorea,
  title={Multi-Band Design of Matched Wireless Power Transfer Links},
  author={Dionigi, Marco  and Mongiardo, Mauro   and Roselli, Luca},
  journal={IEEE Wireless Power Transfer 
Conference},
  pages={224--227},
year={2014},
  publisher={Cambridge Univ Press},
 organization={IEEE}
}

@article{costanzorigorous2,
  title={Rigorous Design of Magnetic-Resonant  Wireless Power Transfer Links Realized with Two Coils},
  author={Costanzo, Alessandra and Dionigi, Marco and Mastri, Franco and Mongiardo, Mauro and Russer, Johannes A and Russer, Peter},
  journal={Proc. of the European Microwave Conference (EuMC)},
  pages={414--417},
year={2014},
  publisher={Cambridge Univ Press}
}

% 2014 Sorrentino
@ARTICLE{Sorrentino:2014, 
author={Costanzo, A. and  Dionigi, M. and Masotti, M. and Mongiardo, M. and  Monti, G. and  Tarricone, L. and Sorrentino, R.}, 
journal={Proceedings of the IEEE}, 
title={Electromagnetic Energy Harvesting and Wireless Power Transmission: A Unified Approach}, 
year={2014}, 
month={Nov}, 
volume={102}, 
number={11}, 
pages={1692-1711}, 
keywords={wireless power transfer;Rectenna;Conjugate matching;efficiency;network theory;resonant coupling;}, 
doi={10.1109/JPROC.2014.2355261}, 
ISSN={0018-9219},}



%_____________________________________
%

@inproceedings{Mongiardo:APMC2015,
author = {Mongiardo, M and Wang, Q and Che, W and Dionigi, M and Perfetti, R and Chang, Y and Monti, G},
title = {{Wireless Power Transfer Between One Transmitter and Two Receivers: Optimal Analytical Solution}},
booktitle = {Asia-Pacific Microwave Conference},
year = {2015},
pages = {}
}

@inproceedings{CST,
author = {CST },
title = {{MICROWAVE STUDIO}},
booktitle = {http://www.cst.com},
year = {2011}
}

@inproceedings{ROBERTS:1946ca,
author = {Roberts, Shepard},
title = {{Conjugate-Image Impedances}},
booktitle = {Proceedings of the IRE},
year = {1946},
pages = {198-204}
}
@article{Frickey:1994tx,
author = {Frickey, Dean A},
title = {{Conversions between S, Z, Y, H, ABCD, and T parameters which are valid for complex source and load impedances}},
journal = {Microwave Theory and Techniques, IEEE Transactions on},
year = {1994},
volume = {42},
number = {2},
pages = {205--211}
}

@article{Kurs:2007iu,
author = {Kurs, A and Karalis, A and Moffatt, R and Joannopoulos, J D and Fisher, P and Soljacic, M},
title = {{Wireless power transfer via strongly coupled magnetic resonances}},
journal = {Science},
year = {2007},
volume = {317},
number = {5834},
pages = {83--86},
publisher = {IEEE},
doi = {10.1126/science.1143254},
language = {English},
}

@article{Monti:pacemaker,
author = {Monti, G and Arcuti, P and Tarricone, L},
title = {{Resonant Inductive Link for Remote Powering of Pacemakers}},
journal = {IEEE Transactions on Microwave Theory and Techniques},
year = {2015},
volume = {63},
number = {11},
pages = {3814-3822},
month = oct,
doi = {10.1109/TMTT.2015.2481387},
language = {English},
}

@article{Karalis:2008fb,
author = {Karalis, Aristeidis and Joannopoulos, J D and Solja{\v c}i{\'c}, Marin},
title = {{Efficient wireless non-radiative mid-range energy transfer}},
journal = {Annals of Physics},
year = {2008},
volume = {323},
number = {1},
pages = {34--48},
month = jan,
doi = {10.1016/j.aop.2007.04.017},
language = {English},
}

@inproceedings{Zhu:tg,
author = {Zhu, Chunbo and Yu, Chunlai and Liu, Kai and Rui Ma },
title = {{Research on the topology of wireless energy transfer device}},
booktitle = {Vehicle Power and Propulsion Conference (VPPC '08). IEEE},
year = {2008},
month = oct,
}

@article{PingSi:ib,
author = {Ping Si and Hu, A P and Malpas, S and Budgett, D},
title = {{A Frequency Control Method for Regulating Wireless Power to Implantable Devices}},
journal = {IEEE Transactions on Biomedical Circuits and Systems},
year = {2008},
volume = {2},
number = {1},
pages = {22--29},
month = oct,
}

@article{TakehiroImura:2009te,
author = {Imura, Takehiro and Okabe, Hiroyuki and Hori, Yoichi},
title = {{Basic experimental study on helical antennas of wireless power transfer for electric vehicles by using magnetic resonant couplings}},
journal = {IEEE Transactions on Biomedical Circuits and Systems},
year = {2009},
pages = {936--940},
publisher = {IEEE},
isbn = {1424426006},
}

@article{ZhenNingLow:fn,
author = {Zhen Ning Low and Casanova, J J and Maier, P H and Taylor, J A and Chinga, R A and Jenshan Lin},
title = {{Method of Load/Fault Detection for Loosely Coupled Planar Wireless Power Transfer System With Power Delivery Tracking}},
journal = {IEEE Transactions on Industrial Electronics},
year = {2009},
volume = {57},
number = {4},
pages = {1478--1486},
month = oct,
doi = {10.1109/TIE.2009.2030821},
}

@article{ZhenNingLow:ec,
author = {Zhen Ning Low and Chinga, R A and Tseng, R and Jenshan Lin},
title = {{Design and Test of a High-Power High-Efficiency Loosely Coupled Planar Wireless Power Transfer System}},
journal = {IEEE Transactions on Industrial Electronics},
year = {2009},
volume = {56},
number = {5},
pages = {1801--1812},
month = oct,
doi = {10.1109/TIE.2008.2010110},
}

@article{Casanova:LKkCzzxE,
author = {Casanova, J and Low, Z N},
title = {{Transmitting coil achieving uniform magnetic field distribution for planar wireless power transfer system}},
year = {2009},
month = oct,
}

@article{Cannon:eo,
author = {Cannon, Benjamin L and Hoburg, James F and Stancil, Daniel D and Goldstein, Seth Copen},
title = {{Magnetic Resonant Coupling As a Potential Means for Wireless Power Transfer to Multiple Small Receivers}},
journal = {IEEE Transactions on Power Electronics},
year = {2009},
volume = {24},
number = {7},
pages = {1819--1825},
month = oct,
doi = {10.1109/TPEL.2009.2017195},
}

@inproceedings{Fu:wi,
author = {Fu, Wenzhen and Zhang, Bo and Dongyuan Qiu Power Electronics and Motion Control Conference, 2009 IPEMC '09 IEEE 6th International},
title = {{Study on frequency-tracking wireless power transfer system by resonant coupling}},
booktitle = {Power Electronics and Motion Control Conference, 2009. IPEMC '09. IEEE 6th International},
year = {2009},
month = oct,
}



@inproceedings{Zhang:jo,
author = {Zhang, Fei and Hackworth, S A and Fu, Weinong and Mingui Sun Electromagnetic Field Computation CEFC, 2010 14th Biennial IEEE Conference on},
title = {{The relay effect on wireless power transfer using witricity}},
booktitle = {Electromagnetic Field Computation (CEFC), 2010 14th Biennial IEEE Conference on},
year = {2009},
month = oct,
doi = {10.1109/CEFC.2010.5481512},
}


@inproceedings{Monti-Mongiardo-WREL-ATL,
  author =       {G. Monti and L. Tarricone and M. Dionigi and M. Mongiardo},
  title =        {Magnetically coupled resonant wireless power transmission: An artificial transmission line approach},
  booktitle =    {Proceedings of the Microwave Conference (EuMC) },
  year =         {2012},
  address =      {},
  pages =        {233-236},
  month =        {Oct.}
}

@inproceedings{dionigi2010cad,

author={Dionigi, M. and Mongiardo, M.}, 
booktitle={IEEE MTT-S International Microwave Symposium Digest }, 
title={CAD of wireless resonant energy links (WREL) realized by coils}, 
year={2010}, 
month={May}, 
pages={1760-1763}, 
keywords={Q-factor;circuit CAD;coils;radiofrequency identification;CAD;Q-factor;RFID;WREL;electromagnetic wireless resonant energy links;energy transfer;frequency 13.56 MHz;resonant coil;wireless power transfer;Coils;Data mining;Electromagnetic coupling;Electromagnetic fields;Energy exchange;Frequency;Q factor;Radiofrequency identification;Resonance;Time domain analysis}, 
doi={10.1109/MWSYM.2010.5516711}, 
ISSN={0149-645X},
}

@article{Awai:2010uj,
author = {Awai, I and Komori, T},
title = {{A simple and versatile design method of resonator-coupled wireless power transfer system}},
year = {2010},
pages = {616--620},
publisher = {IEEE},
isbn = {1424482240},
}

@article{JoseOscarMurMiranda:2010uc,
author = {Jose Oscar Mur-Miranda, Giulia Fanti Yifei Feng Keerthik Omanakuttan Roydan Ongie Albert Setjoadi and Natalie Sharpe},
title = {{Wireless Power Transfer using Weakly Coupled Magnetostatic Resonators}},
year = {2010},
pages = {1--8},
month = jul,
}

@article{JaechunLee:jj,
author = {Jaechun Lee and Sangwook Nam},
title = {{Fundamental Aspects of Near-Field Coupling Small Antennas for Wireless Power Transfer}},
journal = {IEEE Transactions on Antennas and Propagation},
year = {2010},
volume = {58},
number = {11},
pages = {3442--3449},
month = oct,
doi = {10.1109/TAP.2010.2071330},
}

@article{QiaoweiYuan:gk,
author = {Qiaowei Yuan and Qiang Chen and Long Li and Sawaya, Kunio},
title = {{Numerical Analysis on Transmission Efficiency of Evanescent Resonant Coupling Wireless Power Transfer System}},
journal = {IEEE Transactions on Antennas and Propagation},
year = {2010},
volume = {58},
number = {5},
pages = {1751--1758},
month = oct,
doi = {10.1109/TAP.2010.2044321},
}

@article{ChihJungChen:cu,
author = {Chih-Jung Chen and Tah-Hsiung Chu and Chih-Lung Lin and Zeui-Chown Jou},
title = {{A Study of Loosely Coupled Coils for Wireless Power Transfer}},
journal = {IEEE Transactions on Circuits and Systems II: Express Briefs},
year = {2010},
volume = {57},
number = {7},
pages = {536--540},
month = oct,
doi = {10.1109/TCSII.2010.2048403},
}

@article{Peng:2011wb,
author = {Peng, L and Wang, J Y and Ran, L X and Breinbjerg, O and Mortensen, N A},
title = {{Performance analysis and experimental verification of mid-range wireless energy transfer through non-resonant magnetic coupling}},
journal = {Journal of Electromagnetic Waves and Applications},
year = {2011},
volume = {25},
number = {5-6},
pages = {845--855},
publisher = {Taylor {\&} Francis},
}


@inproceedings{dionigi2011,
author={Dionigi, M. and Mongiardo, M.}, 
booktitle={IEEE MTT-S International Microwave Symposium Digest }, 
title={CAD of Efficient Wireless Power Transmission systems}, 
year={2011}, 
month={June}, 
pages={1-4}, 
keywords={CAD;Q-factor;inductive power transmission;magnetic fields;CAD;computer-aided design;electromagnetic wireless power transmission;magnetic fields;matching network;quality factor;resonant coils;wireless power transmission systems;Coils;Couplings;Impedance;Inverters;Q factor;Wireless communication;Wireless sensor networks;circuit matching;magnetic coupling;resonators;wireless energy transfer;wireless power transmission}, 
doi={10.1109/MWSYM.2011.5972606}, 
ISSN={0149-645X},}


@article{dionigi2011chapter,
author = {Dionigi, Marco and Costanzo, Alessandra and Mongiardo, Mauro},
title = {{Network Methods for Analysis and Design of Resonant Wireless Power Transfer Systems}},
journal = {Chapter of the book ``Wireless Power Transfer-Principles and Engineering Explorations'', InTech},
Publisher = {InTech},
year = {2011},
}

@inproceedings{dionigi2011efficiency,
author = {Dionigi, Marco and Mongiardo, Mauro},
title = {{Efficiency investigations for wireless resonant energy links realized with resonant inductive coils}},
booktitle = {German Microwave Conference (GeMIC)},
year = {2011},
pages = {1--4},
}

@INPROCEEDINGS{dionigi2011network, 
author={Dionigi, M. and Mongiardo, M.}, 
booktitle={International Conference on Electromagnetics in Advanced Applications (ICEAA) }, 
title={Network representations for Wireless Power Transfer realized with resonant inductive coils}, 
year={2011}, 
month={Sept}, 
pages={940-943}, 
keywords={coils;inductive power transmission;electromagnetic wireless resonant energy links;fullwave electromagnetic simulations;network representations;resonant inductive coils;wireless power transfer;Analytical models;Coils;Couplings;Inductance;Inverters;Wireless communication;Wireless sensor networks}, 
doi={10.1109/ICEAA.2011.6046464},}


@article{Sample:bi,
author = {Sample, A P and Meyer, D A and Smith, J R },
title = {{Analysis, Experimental Results, and Range Adaptation of Magnetically Coupled Resonators for Wireless Power Transfer}},
journal = { IEEE Transactions on Industrial Electronics},
year = {2011},
volume = {58},
number = {2},
month = oct,
doi = {10.1109/TIE.2010.2046002},
read = {Yes},
}

@article{Park:jo,
author = {Park, Jongmin and Tak, Youndo and Kim, Yoongoo and Kim, Youngwook and Nam, Sangwook},
title = {{Investigation of Adaptive Matching Methods for Near-Field Wireless Power Transfer}},
journal = {IEEE Transactions on Antennas and Propagation},
year = {2011},
volume = {59},
number = {5},
pages = {1769--1773},
month = oct,
doi = {10.1109/TAP.2011.2123061},
}

@article{Lee:cz,
author = {Lee, Seung-Hwan and Lorenz, Robert D},
title = {{Development and Validation of Model for 95\%-Efficiency 220-W Wireless Power Transfer Over a 30-cm Air Gap}},
journal = {IEEE Transactions on Industry Applications},
year = {2011},
volume = {47},
number = {6},
pages = {2495--2504},
month = oct,
doi = {10.1109/TIA.2011.2168555},
}

@article{JinWookKim:cu,
author = {JinWook Kim and Hyeon-Chang Son and Kwan-Ho Kim and Young-Jin Park},
title = {{Efficiency Analysis of Magnetic Resonance Wireless Power Transfer With Intermediate Resonant Coil}},
journal = {IEEE Antennas and Wireless Propagation Letters},
year = {2011},
volume = {10},
pages = {389--392},
month = oct,
doi = {10.1109/LAWP.2011.2150192},
}

@article{Imura:dk,
author = {Imura, Takehiro and Hori, Yoichi},
title = {{Maximizing Air Gap and Efficiency of Magnetic Resonant Coupling for Wireless Power Transfer Using Equivalent Circuit and Neumann Formula}},
journal = {IEEE Transactions on Industrial Electronics},
year = {2011},
volume = {58},
number = {10},
pages = {4746--4752},
month = oct,
doi = {10.1109/TIE.2011.2112317},
}

@article{Zargham:dg,
author = {Zargham, M and Gulak, P G},
title = {{Maximum Achievable Efficiency in Near-Field Coupled Power-Transfer Systems}},
year = {2011},
journal = {IEEE Transactions on Biomedical Circuits and Systems},
volume = {6},
number = {3},
pages = {228--245}
}

@article{Mastri:ux,
author = {Mastri, F and Costanzo, A and Dionigi, M and Mongiardo, M},
title = {{Harmonic balance design of wireless resonant-type power transfer links}},
journal = {IEEE MTT-S International Microwave Workshop Series on Innovative Wireless Power Transmission: Technologies, Systems, and Applications (IMWS) },
year = {2012},
pages = {245--248},
publisher = {IEEE},
isbn = {1467317772},
read = {Yes},
}

@article{Hosotani:2012wn,
author = {Hosotani, Tatsuya and Awai, Ikuo},
title = {{A novel analysis of ZVS wireless power transfer system using coupled resonators}},
year = {2012},
pages = {235--238},
publisher = {IEEE},
isbn = {1467317772},
read = {Yes},
}

@article{Dionigi:2012ts,
author = {Dionigi, Marco and Mongiardo, Mauro},
title = {{Multi band resonators for wireless power transfer and near field magnetic communications}},
journal = {IEEE MTT-S International Symposium},
year = {2012},
pages = {61--64},
publisher = {IEEE},
isbn = {1467317772},
}

@book{agbinya2012wireless,
  title={Wireless Power Transfer},
  author={Agbinya, J.I.},
  isbn={9788792982780},
  series={The River Publishers Series in Communications},
  url={http://books.google.it/books?id=Ye5I1fAA5EAC},
  year={2012},
  publisher={River Publishers}
}

@article{Dionigi:2012vb,
author = {Dionigi, Marco and Costanzo, Alessandra and Mastri, Franco and Mongiardo, Mauro},
title = {{Magnetic Resonant Wireless Power Transfer}},
journal = {Chapter of the book ``Wireless Power Transfer'', River Publishers},
year = {2012},
pages = {159--200},
publisher = {River Publishers},
isbn = {8792329233},
}

@article{Dionigi:2012vba,
author = {Dionigi, Marco and Mongiardo, Mauro},
title = {{Coaxial capacitor loop resonator for wireless power transfer systems}},
year = {2012},
pages = {1--4},
publisher = {IEEE},
isbn = {1457720965},
}

@article{Dionigi:2012jk,
author = {Dionigi, Marco and Mongiardo, Mauro},
title = {{A novel coaxial loop resonator for wireless power transfer}},
journal = {International Journal of RF and Microwave Computer-Aided Engineering},
year = {2012},
volume = {22},
number = {3},
pages = {345--352},
month = feb,
doi = {10.1002/mmce.20603},
language = {English},
}

@article{Costanzo:2012we,
author = {Costanzo, A and Dionigi, M and Mastri, F and Mongiardo, M},
title = {{Wireless Resonant-type Power Transfer Links with Relay elements: Harmonic Balance Design
}},
journal = {Proceedings of the 42nd European Microwave Conference (EuMC)},
year = {2012},
pages = {225 - 228},
month = oct,
}

@article{Dionigi:2013dm,
author = {Dionigi, M and Franceschetti, G and Mongiardo, M},
title = {{Resonant Wireless Power Transfer: Investigation of radiating resonances}},
journal = {IEEE Microwave Workshop Series on Innovative Wireless Power Transmission: Technologies, Systems, and Applications (IMWS)},
year = {2013},
pages = {17--20},
}

@inproceedings{Dionigi:2013fy,
author = {Dionigi, M and De Angelis, G and Moschitta, A and Mongiardo, M and Carbone, P},
title = {{A simple ranging system based on mutually coupled resonating circuits}},
booktitle = {Instrumentation and Measurement Technology Conference (I2MTC), 2013 IEEE International},
year = {2013},
pages = {920--924},
doi = {10.1109/I2MTC.2013.6555550},
read = {Yes},
}

@article{Costanzo:2013cw,
author = {Costanzo, A and Dionigi, M and Mastri, F and Mongiardo, M},
title = {{Rigorous modeling of mid-range wireless power transfer systems based on royer oscillators}},
journal = {IEEE Wireless Power Transfer (WPT)},
year = {2013},
pages = {69--72},
doi = {10.1109/WPT.2013.6556884},
read = {Yes},
}

@inproceedings{Zhu:2013tv,
author = {Zhu, Chunbo and Liu, Kai and Yu, Chunlai and Ma, Rui and Hexiao Cheng Vehicle Power and Propulsion Conference, 2008 VPPC '08 IEEE},
title = {{Simulation and experimental analysis on wireless energy transfer based on magnetic resonances}},
booktitle = {Vehicle Power and Propulsion Conference, 2008. VPPC '08. IEEE},
year = {2013},
pages = {1--4},
month = oct,
read = {Yes},
}

